
@article{Example,
	author = {TODO},
	title = {TODO},
	year = {2000},
	note = {\href{https://duckduckgo.com}{https://duckduckgo.com}},
}

@misc{repo,
    author = {Giovanni Di Santi},
    title = {Introduction to lattices attack},
    year = {2021},
    note = {\url{https://github.com/meowmeowxw/introduction-to-lll}}
}

@book{mathcrypto14,
    author = {Hoffstein, Jeffrey and Pipher, Jill and Silverman, J.H.},
    title = {An Introduction to Mathematical Cryptography},
    year = {2014},
    isbn = {978-0-387-77994-2},
    publisher = {Springer Publishing Company, Incorporated},
    edition = {2},
    chapter = 7,
}

@misc{cryptoeprint:2020:1506,
    author = {Gabrielle De Micheli and Nadia Heninger},
    title = {Recovering cryptographic keys from partial information, by example},
    howpublished = {Cryptology ePrint Archive, Report 2020/1506},
    year = {2020},
    note = {\url{https://eprint.iacr.org/2020/1506}},
}

@inproceedings{LWE,
    author = {Regev, Oded},
    title = {On Lattices, Learning with Errors, Random Linear Codes, and Cryptography},
    year = {2005},
    isbn = {1581139608},
    publisher = {Association for Computing Machinery},
    address = {New York, NY, USA},
    url = {https://doi.org/10.1145/1060590.1060603},
    doi = {10.1145/1060590.1060603},
    booktitle = {Proceedings of the Thirty-Seventh Annual ACM Symposium on Theory of Computing},
    pages = {84–93},
    numpages = {10},
    keywords = {lattices, computational learning theory, public key encryption, quantum computing, cryptography, statistical queries},
    location = {Baltimore, MD, USA},
    series = {STOC '05}
}

@article{LLL,
    author = {Lenstra, H.W. jr. and Lenstra, A.K. and Lovász, L.},
    journal = {Mathematische Annalen},
    keywords = {polynomial-time algorithm; factorization of primitive polynomials; algorithm for basis reduction; diophantine approximation; operations research; cryptography},
    pages = {515-534},
    title = {Factoring Polynomials with Rational Coefficients.},
    url = {http://eudml.org/doc/182903},
    volume = {261},
    year = {1982},
}

@misc{3b1b,
    author = {Grant Sanderson},
    title = {Dot product plot},
    year = {2016},
    organization = {Youtube},
    note = {\url{https://youtu.be/LyGKycYT2v0?t=105}}
}

@misc{determinant,
    author = {Grant Sanderson},
    title = {Geometric explanation of determinant},
    year = {2016},
    organization = {Youtube},
    note = {\url{https://www.youtube.com/watch?v=Ip3X9LOh2dk}}
}

@misc{lllintuition,
    author = {Kelby Ludwig},
    title = {Building Lattice Reduction (LLL) Intuition},
    year = {2017},
    organization = {https://kel.bz},
    note = {\url{https://kel.bz/post/lll/}}
}

@misc{lllexplanation,
    author = {Oded Regev},
    title = {LLL Algorithm},
    year = {2004},
    organization = {Tel Aviv University},
    note = {\url{https://cims.nyu.edu/~regev/teaching/lattices_fall_2004/ln/lll.pdf}},
}

@article{babai,
    author={Babai, L.},
    title={On Lov{\'a}sz' lattice reduction and the nearest lattice point problem},
    journal={Combinatorica},
    year={1986},
    month={Mar},
    day={01},
    volume={6},
    number={1},
    pages={1-13},
    abstract={Answering a question of Vera S{\'o}s, we show how Lov{\'a}sz' lattice reduction can be used to find a point of a given lattice, nearest within a factor ofcd(c = const.) to a given point in Rd. We prove that each of two straightforward fast heuristic procedures achieves this goal when applied to a lattice given by a Lov{\'a}sz-reduced basis. The verification of one of them requires proving a geometric feature of Lov{\'a}sz-reduced bases: ac1dlower bound on the angle between any member of the basis and the hyperplane generated by the other members, wherec1 = {\textsurd}2/3.},
    issn={1439-6912},
    doi={10.1007/BF02579403},
    url={https://doi.org/10.1007/BF02579403}
}

@article{wiener,
  author={Wiener, M.J.},
  journal={IEEE Transactions on Information Theory}, 
  title={Cryptanalysis of short RSA secret exponents}, 
  year={1990},
  volume={36},
  number={3},
  pages={553-558},
  doi={10.1109/18.54902}}
}

@article{boneh99twentyyears,
    author = {Dan Boneh},
    title = {Twenty Years of Attacks on the RSA Cryptosystem},
    year = {1999},
    note = {\url{https://crypto.stanford.edu/~dabo/papers/RSA-survey.pdf}},
}

@inproceedings{coppersmith96,
    author="Coppersmith, Don",
    editor="Maurer, Ueli",
    title="Finding a Small Root of a Bivariate Integer Equation; Factoring with High Bits Known",
    booktitle="Advances in Cryptology --- EUROCRYPT '96",
    year="1996",
    publisher="Springer Berlin Heidelberg",
    address="Berlin, Heidelberg",
    pages="178--189",
    abstract="We present a method to solve integer polynomial equations in two variables, provided that the solution is suitably bounded. As an application, we show how to find the factors of N = PQ if we are given the high order ((1/4) log2N) bits of P. This compares with Rivest and Shamir's requirement of ((1/3) log2N) bits.",
    isbn="978-3-540-68339-1"
}

@inproceedings{roca,
  Author        = {Matus Nemec and Marek Sys and Petr Svenda and Dusan Klinec and Vashek Matyas},
  Title         = {{The Return of Coppersmith's Attack: Practical Factorization of Widely Used RSA Moduli}},
  BookTitle     = {24th ACM Conference on Computer and Communications Security (CCS'2017)},
  Year          = {2017},
  ISBN          = {978-1-4503-4946-8/17/10},
  Publisher     = {ACM},
  Pages         = {1631-1648}
}

@inbook{may2011,
    author="May, Alexander",
    editor="Nguyen, Phong Q.
    and Vall{\'e}e, Brigitte",
    title="Using LLL-Reduction for Solving RSA and Factorization Problems",
    bookTitle="The LLL Algorithm: Survey and Applications",
    year="2010",
    publisher="Springer Berlin Heidelberg",
    address="Berlin, Heidelberg",
    pages="315--348",
    abstract="Twenty five years ago, Lenstra, Lenstra and Lov{\'a}sz presented their celebrated LLL lattice reduction algorithm. Among the various applications of the LLL algorithm is a method due to Coppersmith for finding small roots of polynomial equations. We give a survey of the applications of this root finding method to the problem of inverting the RSA function and the factorization problem. As we will see, most of the results are of a dual nature, they can either be interpreted as cryptanalytic results or as hardness/security results.",
    isbn="978-3-642-02295-1",
    doi="10.1007/978-3-642-02295-1_10",
    url="https://doi.org/10.1007/978-3-642-02295-1_10"
}

@misc{wong2015,
    author = {David Wong},
    year = {2015},
    title = {Lattice based attacks on RSA},
    note = {\url{https://github.com/mimoo/RSA-and-LLL-attacks}}
}

@article{pohlig,
  title={An improved algorithm for computing logarithms over GF(p) and its cryptographic significance (Corresp.)},
  author={S. Pohlig and M. Hellman},
  journal={IEEE Trans. Inf. Theory},
  year={1978},
  volume={24},
  pages={106-110}
}

@misc{rocaopt,
    title = {Optimization of the ROCA (CVE-2017-15361) Attack},
    author = {Bruno Produit},
    year = {2019}
}

